@article{example,
	title = {Example work},
	author = {{Author}, E},
	year = {1333}
}
